@misc{1,
  author = {Monica Mateiu},
  title = {{Keyloggers: o que são, de onde vem e como removê-los}},
  howpublished = "\url{https://www.avg.com/pt/signal/keyloggers-what-they-are-where-they-come-from-and-how-to-remove-them}",
  year = {2018}, 
  note = "[Online; acessado 20-julho-2021]"
}

@misc{2,
  author = {Clara Julio},
  title = {{O que é keylogger: entenda a ciber ameaça e aprenda como se proteger}},
  howpublished = "\url{https://backupgarantido.com.br/blog/o-que-e-keylogger/}",
  year = {2020}, 
  note = "[Online; acessado 20-julho-2021]"
}
@misc{3,
  author = {Éder Farias},
  title = {{ Informática Básica}},
  howpublished = "https://md.uninta.edu.br/geral/informática/files/basic-html/page71.html",
  note = "[Online; acessado 21-julho-2021]"
}
@misc{4,
  author = {Snoopza },
  title = {{ Keylogger Grátis para Android Snoopza — melhor app para pais, parceiros e empresários}},
  howpublished = "\url{https://snoopza.com/br/keylogger-gratis-para-android}",
  note = "[Online; acessado 24-julho-2021]"
}